
<record>
  <leader>02224cam a22003855i 4500</leader>
  <controlfield tag="001">21353728</controlfield>
  <controlfield tag="005">20200104055007.0</controlfield>
  <controlfield tag="008">200104s2018    tu ab    b    000 0 tur d</controlfield>
  <datafield tag="906" ind1=" " ind2=" ">
    <subfield code="a">0</subfield>
    <subfield code="b">ibc</subfield>
    <subfield code="c">copycat</subfield>
    <subfield code="d">3</subfield>
    <subfield code="e">ncip</subfield>
    <subfield code="f">20</subfield>
    <subfield code="g">y-gencatlg</subfield>
  </datafield>
  <datafield tag="925" ind1="0" ind2=" ">
    <subfield code="a">acquire</subfield>
    <subfield code="b">1 shelf copy</subfield>
    <subfield code="x">policy default</subfield>
  </datafield>
  <datafield tag="955" ind1=" " ind2=" ">
    <subfield code="b">we56 2020-01-04 z-processor UC to ASME/ME</subfield>
  </datafield>
  <datafield tag="010" ind1=" " ind2=" ">
    <subfield code="a">  2019310205</subfield>
  </datafield>
  <datafield tag="020" ind1=" " ind2=" ">
    <subfield code="a">9786051718323</subfield>
  </datafield>
  <datafield tag="020" ind1=" " ind2=" ">
    <subfield code="a">605171832X</subfield>
  </datafield>
  <datafield tag="035" ind1=" " ind2=" ">
    <subfield code="a">(OCoLC)on1091901272</subfield>
  </datafield>
  <datafield tag="040" ind1=" " ind2=" ">
    <subfield code="a">CGU</subfield>
    <subfield code="b">eng</subfield>
    <subfield code="c">CGU</subfield>
    <subfield code="e">rda</subfield>
    <subfield code="d">YUS</subfield>
    <subfield code="d">OCLCF</subfield>
    <subfield code="d">PAU</subfield>
    <subfield code="d">OCLCQ</subfield>
    <subfield code="d">T9K</subfield>
    <subfield code="d">DLC</subfield>
  </datafield>
  <datafield tag="042" ind1=" " ind2=" ">
    <subfield code="a">lccopycat</subfield>
    <subfield code="a">lcode</subfield>
  </datafield>
  <datafield tag="043" ind1=" " ind2=" ">
    <subfield code="a">a-tu---</subfield>
  </datafield>
  <datafield tag="097" ind1="1" ind2="4">
    <subfield code="a">HE7182.5</subfield>
    <subfield code="b">.T974 2018</subfield>
  </datafield>
  <datafield tag="100" ind1="1" ind2=" ">
    <subfield code="a">Turgut, Turhan,</subfield>
    <subfield code="e">author.</subfield>
  </datafield>
  <datafield tag="245" ind1="1" ind2="0">
    <subfield code="a">Osmanlı İmparatorluğu posta tarihi :</subfield>
    <subfield code="b">tarifeler ve posta yolları 1840-1922 = Postal history of the Ottoman Empire ; rates and routes 1840-1922 /</subfield>
    <subfield code="c">Turhan Turgut.</subfield>
  </datafield>
  <datafield tag="246" ind1="3" ind2="1">
    <subfield code="a">Postal history of the Ottoman Empire :</subfield>
    <subfield code="b">rates and routes 1840-1922</subfield>
  </datafield>
  <datafield tag="250" ind1=" " ind2=" ">
    <subfield code="a">1. basım.</subfield>
  </datafield>
  <datafield tag="264" ind1=" " ind2="1">
    <subfield code="a">İstanbul :</subfield>
    <subfield code="b">Alfa,</subfield>
    <subfield code="c">2018.</subfield>
  </datafield>
  <datafield tag="300" ind1=" " ind2=" ">
    <subfield code="a">863 pages :</subfield>
    <subfield code="b">illustrations, maps ;</subfield>
    <subfield code="c">23 cm</subfield>
  </datafield>
  <datafield tag="336" ind1=" " ind2=" ">
    <subfield code="a">text</subfield>
    <subfield code="b">txt</subfield>
    <subfield code="2">rdacontent</subfield>
  </datafield>
  <datafield tag="337" ind1=" " ind2=" ">
    <subfield code="a">unmediated</subfield>
    <subfield code="b">n</subfield>
    <subfield code="2">rdamedia</subfield>
  </datafield>
  <datafield tag="338" ind1=" " ind2=" ">
    <subfield code="a">volume</subfield>
    <subfield code="b">nc</subfield>
    <subfield code="2">rdacarrier</subfield>
  </datafield>
  <datafield tag="490" ind1="1" ind2=" ">
    <subfield code="a">Alfa ;</subfield>
    <subfield code="v">3505</subfield>
    <subfield code="a">Tarih ;</subfield>
    <subfield code="v">128</subfield>
  </datafield>
  <datafield tag="520" ind1=" " ind2=" ">
    <subfield code="a">&quot;Turkish philately has been missing a fully comprehensive body of information relating to postal rates during the Ottoman era. This study attempts to fill this gap by creating an inclusive resource based on multiple diverse pieces of public information as well as documents found in the extensive Turkish national archives&quot;--Vendor description.</subfield>
  </datafield>
  <datafield tag="505" ind1="0" ind2="0">
    <subfield code="g">1.</subfield>
    <subfield code="t">Osmanlı Postasının Gelişimi=Introduction Development Of The Ottoman Mail System --</subfield>
    <subfield code="g">2.</subfield>
    <subfield code="t">Osmanlı Posta Tarifeleri 1840-192=Ottoman Postal Rates 1840-1922 --</subfield>
    <subfield code="t">Yurt İçi Tarifeleri=Domestic Mail --</subfield>
    <subfield code="g">3.</subfield>
    <subfield code="t">İstanbul Şehir Postası=İstanbul City Post --</subfield>
    <subfield code="g">4.</subfield>
    <subfield code="t">Yurt Dışı Tarifeleri ve Evrensel Posta Birliği (Upu)=Foreign Rates And The Universal Postal Union (Upu) --</subfield>
    <subfield code="g">5.</subfield>
    <subfield code="t">Postanın Ulaşım Yolları ve Erişim Süreleri=Routes And Access Times</subfield>
  </datafield>
  <datafield tag="650" ind1=" " ind2="0">
    <subfield code="a">Postal service</subfield>
    <subfield code="z">Turkey</subfield>
    <subfield code="x">History.</subfield>
  </datafield>
  <datafield tag="830" ind1=" " ind2="0">
    <subfield code="a">Alfa (Alfa Basım Yayım Dağıtım) ;</subfield>
    <subfield code="v">3505.</subfield>
  </datafield>
  <datafield tag="830" ind1=" " ind2="0">
    <subfield code="a">Alfa (Alfa Basım Yayım Dağıtım).</subfield>
    <subfield code="p">Tarih ;</subfield>
    <subfield code="v">128.</subfield>
  </datafield>
  <datafield tag="985" ind1=" " ind2=" ">
    <subfield code="e">ODE-ca</subfield>
  </datafield>
</record>